<?xml version="1.0" encoding="UTF-8"?><collection xmlns="http://www.loc.gov/MARC21/slim"><record><leader>00550nam--2200169-i-4500</leader><controlfield tag="001">000006690</controlfield><controlfield tag="002">20161230</controlfield><controlfield tag="005">20161230201026</controlfield><controlfield tag="008">060222s1000------------r-----000-0-eng-d</controlfield><datafield ind1=" " ind2=" " tag="040"><subfield code="a">IFIN-HH</subfield></datafield><datafield ind1="1" ind2=" " tag="100"><subfield code="a">Bogdanoff, John L</subfield></datafield><datafield ind1="1" ind2="0" tag="245"><subfield code="a">Proceedings of the first symposium on engineering applications of random function theory and probability</subfield><subfield code="c">John l. bogdanoff, frank kozin (eds.)</subfield></datafield><datafield ind1=" " ind2=" " tag="260"><subfield code="a">New York</subfield><subfield code="b">John Wiley And Sons, Inc</subfield><subfield code="c">1963</subfield></datafield><datafield ind1=" " ind2=" " tag="300"><subfield code="a">X + 421 p</subfield></datafield><datafield ind1="1" ind2=" " tag="700"><subfield code="a">Kozin, Frank</subfield><subfield code="e">Ed</subfield></datafield><datafield ind1=" " ind2=" " tag="852"><subfield code="a">18612</subfield><subfield code="c">519.2</subfield></datafield><datafield ind1=" " ind2=" " tag="CAT"><subfield code="a">Sys</subfield><subfield code="c">20130715</subfield><subfield code="h">142554</subfield></datafield></record></collection>